@book{mlMarsland,
    title={Machine Learning - An Algorithmic Perspective},
    author={Stephen Marsland},
    isbn={978-1-4200-6718-7},
    series={Aims And Scope},
    year={2009},
    publisher={Taylor \& Francis Group},
    keywords = {machine learning}
}

@online{knuthwebsite,
    author    = {Donald Knuth},
    title     = {Knuth: Computers \& Typesetting},
    url       = {http://www-cs-faculty.stanford.edu/~uno/abcde.html},
    keywords  = {latex,knuth}
}

@online{snlIndustri,
    publisher={Store norske leksikon},
    title     = {Industri},
    year={2017},
    url       = {https://snl.no/industri},
    keywords  = {SNL, industri, industry}
}

@online{snlMotor,
    publisher={Store norske leksikon},
    title     = {Motor},
    year={2009},
    url       = {https://snl.no/motor},
    keywords  = {SNL, motor, primary motor}
}

@techreport{textileMills,
    author      =       {R. L. Hills and A. J. Pacey},
    title       =       {The Measurement of Power in Early Steam-Driven Textile Mills},
    institution =       { The Johns Hopkins University Press and the Society for the History of Technology},
    year        =       {1972},
    url         =       {http://www.jstor.org/stable/3102654}
}

@book{mlKelleher,
    title={Fundamentals Of Machine Learning For Predictive Data Analytics},
    author={John D. Kelleher, Brian Mac Namee, Aoife D'Arcy},
    isbn={978-0-262-02944-5},
    series={},
    year={2015},
    publisher={MIT Press},
    keywords = {machine learning}
}

@book{maintenanceMobley,
    title={An Introduction to Predictive Maintenance},
    author={R. Keith Mobley},
    isbn={978-0-750-67531-4},
    series={},
    year={2002},
    publisher={Butterworth-Heinemann},
    keywords = {predictive maintenance}
}

@book{maintenanceDhillon,
    title={Engineering Maintenance - A Modern Approach},
    author={B.S. Dhillon},
    isbn={978-1-587-16142-1},
    series={},
    year={2002},
    publisher={Technomic Publishing Co},
    keywords = {predictive maintenance, modern approach}
}

@book{dataScience,
    title={Data Science and Big Data Analytics: Discovering, Analyzing, Visualizing and Presenting Data},
    author={Emc Education Services},
    isbn={978-1-118-87613-8},
    series={},
    year={2015},
    publisher={Wiley},
    keywords = {data science, big data analytics}
}

@online{versionControl,
    author    = {Atlassian},
    title     = {What is version control},
    url       = {https://www.atlassian.com/git/tutorials/what-is-version-control},
    keywords  = {version control}
}

@online{crisp-dm-Image,
    author    = {Mark Hall},
    title     = {4 Steps to Machine Learning with Pentaho},
    url       = {http://www.pentaho.com/fr/node/4571#two},
    keywords  = {CRISP-DM}
}

@online{detrend-web,
    author    = {Andale},
    title     = {Detrend Data},
    url       = {http://www.statisticshowto.com/detrend-data/},
    keywords  = {Detrend, stats}
}

@online{twitterGitHub,
    author    = {Twitter Inc},
    title     = {AnomalyDetection R package},
    url       = {https://github.com/twitter/AnomalyDetection},
    keywords  = {Twitter, Anomaly detection}
}



@online{bitbucket,
    author    = {Atlassian},
    title     = {Bitbucket},
    url       = {https://bitbucket.org/product},
    keywords  = {version control, bitbucket}
}

@online{dataTransformation,
    author    = {Jason Brownlee},
    title     = {How to Prepare Data For Machine Learning},
    url       = {http://machinelearningmastery.com/how-to-prepare-data-for-machine-learning/},
    keywords  = {data transformation}
}


@book{artificialIntelligence,
    title={Artificial Intelligence - A guide to intelligent systems},
    author={Michael Negnevitsky},
    isbn={978-0-321-20466-0},
    series={},
    year={2011},
    publisher={Addison-Wesley Professional},
    keywords = {artificial intelligence}
}


@book{machineHistory,
    title={Explorations in the History of Machines and Mechanisms},
    author={Teun Koetsier and Marco Ceccarelli},
    isbn={978-94-007-4131-7},
    series={History of Mechanism and Machine Science},
    year={2012},
    publisher={Springer Science},
    keywords = {machine, mechanism, history, background}
}


@book{appliedPredictiveModeling,
    title={Applied Predictive Modelling},
    author={Max Kuhn, Kjell Johnson},
    isbn={ 978-1-4614-6849-3},
    series={},
    year={2016},
    publisher={Springer Science},
    keywords = {artificial intelligence, predictive modeling}
}

@book{azurePredictive,
    title={Predictive Analytics with Microsoft Azure Machine Learning},
    author={Roger Barga, Valentine Fontama, Wee-Hyong Tok},
    isbn={978-1-4842-1201-1},
    series={},
    year={2015},
    publisher={Apress},
    keywords = {data science, big data analytics}
}

@book{dataMining,
    title={Data Mining: Consepts and techniques},
    author={Jiawei Han, Micheline Kamber},
    isbn={978-1-55860-901-3},
    series={},
    year={2006},
    publisher={Morgan Kaufmann},
    keywords={data mining, knowledge discovery}
}

@book{databaseSystems,
    title={Fundamentals of Database Systems},
    author={Ramez Elmastri, Shamkant B. Navathe},
    isbn={978-0-1-3608-620-8},
    series={},
    year={2011},
    publisher={Addison-Wesley},
    keywords={Data storage, database, sql}
}


@book{HeadFirstSQL,
    title={Head First SQL},
    author={Lynn Beighley},
    isbn={978-0-5-9652-684-9},
    series={},
    year={2007},
    publisher={Oâ€™Reilly Media},
    keywords={SQL, query}
}


@online{azure,
    author    = {Microsoft},
    title     = {Microsoft Azure},
    url       = {https://azure.microsoft.com/en-gb/overview/what-is-azure/},
    keywords  = {microsoft azure}
}

@online{azureML,
    author    = {Microsoft},
    title     = {Introduction to machine learning in the cloud},
    url       = {https://docs.microsoft.com/en-us/azure/machine-learning/machine-learning-what-is-machine-learning},
    keywords  = {microsoft azure, machine learning}
}

@online{chooseML,
    author    = {Gary Ericson, Larry Franks, Brandon Rohrer},
    title     = {How to choose algorithms for Microsoft Azure Machine Learning},
    url       = {https://docs.microsoft.com/en-us/azure/machine-learning/machine-learning-algorithm-choice},
    keywords  = {Azure, ml, algorithm}
}

@online{evaluateML,
    author    = {Gary Ericson, Larry Franks, Brand Severtson, Neeraj Khanchandani},
    title     = {How to evaluate model performance in Azure Machine Learning},
    url       = {https://docs.microsoft.com/en-us/azure/machine-learning/machine-learning-evaluate-model-performance},
    keywords  = {Azure, ml, algorithm, evalute}
}

@online{deployML,
    author    = {Don Glover},
    title     = {Retrain a Machine Learning Model},
    url       = {https://docs.microsoft.com/en-us/azure/machine-learning/machine-learning-retrain-machine-learning-model},
    keywords  = {Azure, ml, algorithm, deploy}
}

@online{mlAPI,
    author    = {Cortana Intelligence},
    title     = {Machine Learning APIs},
    url       = {https://gallery.cortanaintelligence.com/machineLearningAPIs},
    keywords  = {Azure, ml, API}
}

@online{aboutWonderware,
    author    = {Schneider Electric},
    title     = {About Wonderware},
    url       = {https://www.wonderware.com/about-us/wonderware/},
    keywords  = {Wonderware}
}

@online{aboutWonderwareHistorian,
    author    = {Schneider Electric},
    title     = {About Wonderware Historian},
    url       = {https://www.wonderware.com/industrial-information-management/historian/},
    keywords  = {Wonderware Historian, database}
}

@online{wonderwareHistorian,
    author    = {Schneider Electric},
    title     = {Wonderware Historian},
    url       = {http://software.schneider-electric.com/pdf/datasheet/wonderware-historian/},
    keywords  = {Wonderware Historian, database}
}

@online{aboutWonderwareInTouch,
    author    = {Schneider Electric},
    title     = {About Wonderware InTouch},
    url       = {https://www.wonderware.com/hmi-scada/intouch/},
    keywords  = {Wonderware InTouch, HMI}
}

@online{progammingLanguageForML,
    author    = {Jean Francois Puget},
    title     = {The Most Popular Language For Machine Learning Is ...},
    url       = {https://www.ibm.com/developerworks/community/blogs/jfp/entry/What_Language_Is_Best_For_Machine_Learning_And_Data_Science?lang=en},
    keywords  = {Machine learning, python, R, ML}
}


@online{sharelatex,
    author    = {Share\LaTeX},
    title     = {\LaTeX},
    url       = {https://www.sharelatex.com/},
    keywords  = {latex}
}

@online{fbStats,
    author    = {Zephoria},
    title     = {The Top 20 Valuable Facebook Statistics},
    url       = {https://zephoria.com/top-15-valuable-facebook-statistics/},
    keywords  = {facebook, statistics}
}

@online{aboutMicrosoftSQL,
    author    = {Microsoft},
    title     = {SQL Server 2016},
    url       = {https://www.microsoft.com/en-cy/sql-server/sql-server-2016},
    keywords  = {Microsoft SQL Server}
}

@online{mlDeploy,
    author    = {Jason Brownlee},
    title     = {Deploy Your Predictive Model To Production},
    url       = {http://machinelearningmastery.com/deploy-machine-learning-model-to-production/},
    keywords  = {ml, Deployment}
}

@techreport{anomalyDetection,
    author      =       {Varun Chandola, Arindam Banerjee, Vipin Kumar},
    title       =       {Anomaly Detection: A Survey},
    institution =       {University of Minnesota},
    year        =       {2009},
    url         =       {http://cucis.ece.northwestern.edu/projects/DMS/publications/AnomalyDetection.pdf}
}

@techreport{anomalyDetectionOfTimeSeries,
    author      =       {Deepthi Cheboli},
    title       =       {Anomaly Detection of Time Series},
    institution =       {University of Minnesota},
    year        =       {2010},
    url         =       {http://conservancy.umn.edu/bitstream/handle/11299/92985/?sequence=1}
}

@techreport{whyAgile,
    author      =       {Alan S Koch},
    title       =       {12 Advantages of Agile Software Development},
    institution =       {Australian National University},
    year        =       {2011},
    url         =       {https://cs.anu.edu.au/courses/comp3120/public_docs/WP_PM_AdvantagesofAgile.pdf}
}


@report{dataPreprocessing,
    author      =       {A. Famili, Wei-Min Shen, Richard Weber, Evangelos Simoudis},
    title       =       {Data Preprocessing and Intelligent Data Analysis},
    type        =       {},
    institution =       {Elsevier Sience B.V.},
    year        =       {1996},
    url         =       {http://www.sciencedirect.com/science/article/pii/S1088467X98000079/pdf?md5=9a54149478c2db2daf648790ebfd5482\&pid=1-s2.0-S1088467X98000079-main.pdf},
    keyword     =       {data preprocessing, analysis}
}

@online{python,
    author    = {Python},
    title     = {What is Python? Executive Summary},
    url       = {https://www.python.org/},
    keywords  = {python}
}

@online{rprog,
    author    = {R Foundation},
    title     = {What is R?},
    url       = {https://www.r-project.org/about.html},
    keywords  = {R}
}

@techreport{oneclasssvm,
    author      =       {Bernhard SchÃ´lkopf, John C. Platt, John Shawe-Taylor, Alex J. Smola, Robert C. Williamson},
    title       =       {Estimating the Support of a High-Dimensional Distribution},
    institution =       {Microsoft Research, University of London, Australian National University},
    year        =       {2000},
    url         =       {https://www.microsoft.com/en-us/research/wp-content/uploads/2016/02/tr-99-87.pdf}
}

@techreport{CAIBR,
    title       =       {Shuttle Tragedy},
    institution =       {Columbia Accident Investigation Board (now: NASA)},
    year        =       {2003},
    url         =       {https://www.nasa.gov/columbia/home/CAIB_Vol1.html}
}

@techreport{CSB,
    title       =       {Deepwater Horizon Blowout Preventer Failure Analysis Report },
    institution =       {Engineering Services LP for U.S. CHEMICAL SAFETY AND HAZARD INVESTIGATION BOARD},
    year        =       {2016},
    url         =       {http://www.csb.gov/macondo-blowout-and-explosion/}
}

@article{deepwaterDisaster,
    title={Deep Water â€“ The Gulf Oil Disaster and the Future of Offshore Drilling},
    author={Summerhayes, Colin},
    journal={International Journal of the Society for Underwater Technology},
    volume={30},
    year={2011}
}

@book{pythonDA,
    title={Python for Data Analysis},
    author={Wes McKinney},
    isbn={978-1-449-31979-3},
    series={},
    year={2012},
    publisher={O'Reilly Media},
    keywords = {Data analysis, Python}
}

@book{pythonML,
    title={Python Machine Learning},
    author={Sebastian Raschka},
    isbn={978-1-783-55513-0},
    series={},
    year={2015},
    publisher={Packt Publishing Limited},
    keywords = {Machine learning, Python}
}

@online{azureTimeSeriesAD,
    author    = {Microsoft},
    title     = {Time Series Anomaly Detection},
    url       = {https://msdn.microsoft.com/library/azure/96b98cc0-50df-46ff-bc18-c0665d69f3e3},
    keywords  = {azure, time series, anomaly detection}
}

@online{nasadata,
    author    = {A. Saxena and K. Goebel},
    title     = {PHM08 Challenge Data Setn},
    url       = {http://ti.arc.nasa.gov/project/prognostic-data-repository},
    keywords  = {dataset, nasa, phm08, RUL}
}

@online{nasaBatteryData,
    author    = {B. Saha and K. Goebel},
    title     = {Battery Data Set},
    url       = {http://ti.arc.nasa.gov/project/prognostic-data-repository},
    keywords  = {dataset, nasa, battery, RUL}
}

@online{nasaBatteryPrognostics,
    author    = {B. Saha and K. Goebel},
    title     = {Battery Prognostics},
    url       = {https://ti.arc.nasa.gov/tech/dash/pcoe/battery-prognostics/},
    keywords  = {dataset, nasa, battery, RUL}
}

@online{nearestneighbour,
    author    = {Oregon State University},
    title     = {The Nearest neighbour Algorithm},
    url       = {https://web.engr.oregonstate.edu/~tgd/classes/534/slides/part3.pdf},
    keywords  = {nearest, neighbour, nn}
}

@online{nearestneighbourAlgorithm,
    author    = {scikit-learn},
    title     = {Nearest neighbour Algorithms},
    url       = {http://scikit-learn.org/stable/modules/neighbours.html#nearest-neighbour-algorithms},
    keywords  = {nearest, neighbour, algorithm}
}

@online{scikit-learn-pre-processing,
    author  =   {scikit-learn},
    title   =   {Preprocessing data},
    url     =   {http://scikit-learn.org/stable/modules/preprocessing.html},
    keywords=   {pre-prosessing, normalisation}
}

@online{gradientBoostingClassifier,
    author    = {scikit-learn},
    title     = {Gradient Boosting Classifier},
    url       = {http://scikit-learn.org/stable/modules/generated/sklearn.ensemble.GradientBoostingClassifier.html},
    keywords  = {gradient, boosting, classifier, algorithm}
}

@techreport{PrognosticsDatasetBenchmark,
    author      = {O. F. Eker, F. Camci, I. K. Jennions},
    title       = {Major Challenges in Prognostics: Study on Benchmarking 
    Prognostics Datasets},
    institution = {IVHM Centre, 
    Cranfield University, UK},
    year        =  {2012},
    url         =  {https://www.phmsociety.org/sites/phmsociety.org/files/phm_submission/2012/phmce_12_004.pdf}
}

@book{makeNeuralNetwork,
    title={Make Your Own Neural Network},
    author={Tariq Rashid},
    isbn={978-1-53082-660-5},
    series={},
    year={2016},
    publisher={Createspace Independent Publishing Platform},
    keywords={ann, artificial neural network}
}

@book{mlInPython,
    title={Machine Learning in Python},
    author={Michael Bowles},
    isbn={978-1-11896-174-2},
    series={},
    year={2015},
    publisher={John Wiley \& Sons, Inc.},
    keywords={ann, ml, python, decision tree}
}

@book{understandingMLAlgos,
    title={Understanding Machine Learning:
            From Theory to Algorithms},
    author={Shai Shalev-Shwartz and Shai Ben-David},
    isbn={978-1-10705-713-5},
    series={},
    year={2014},
    publisher={Cambridge University Press},
    keywords={ann, ml, python, random forest}
}

@online{firfilter,
    author    = {Michael Barr},
    title     = {Introduction to Finite Impulse Response Filters for DSP},
    url       = {https://barrgroup.com/Embedded-Systems/How-To/Digital-Filters-FIR-IIR},
    keywords  = {filter, FIR, DSP}
}

@online{gaussianMixture,
    author    = {scikit-learn},
    title     = {Gaussian mixture models},
    url       = {http://scikit-learn.org/stable/modules/mixture.html},
    keywords  = {gmm, GMM, Mixtures}
}

@online{movAvgFilter,
    author    = {MathWorks},
    title     = {How Is a Moving Average Filter Different from an FIR Filter?},
    url       = {https://se.mathworks.com/help/dsp/ug/how-is-moving-average-filter-different-from-an-fir-filter.html},
    keywords  = {filter, moving average, DSP}
}

@online{kalmanFilter,
    author    = {Bzarg},
    title     = {How a Kalman filter works, in pictures},
    url       = {http://www.bzarg.com/p/how-a-kalman-filter-works-in-pictures/},
    keywords  = {filter, kalman, DSP}
}

@online{pykalman,
    author    = {Daniel Duckworth},
    title     = {Pykalman},
    url       = {https://pykalman.github.io/#pykalman.KalmanFilter.loglikelihood},
    keywords  = {filter, kalman, DSP}
}

@book{supervisedMLsecom,
    title={Identifying Product and Process State Drivers in Manufacturing Systems Using Supervised Machine Learning},
    author={Dr.-Ing. Thorsten Wuest},
    isbn={978-3-319-17610-9},
    series={},
    year={2015},
    publisher={Springer Science},
    keywords={supervised, machine learning, secom, system, industry}
}

@misc{uciML ,
    author = "M. Lichman",
    year = "2013",
    title = "{UCI} Machine Learning Repository",
    url = "http://archive.ics.uci.edu/ml/datasets.html",
    institution = "University of California, Irvine, School of Information and Computer Sciences" 
}

@InProceedings{pmlr-v6-mccann10a,
   title = 	 {Causality Challenge: Benchmarking relevant signal components for effective monitoring and process control},
   author = 	 {Michael McCann and Yuhua Li and Liam Maguire and Adrian Johnston},
   booktitle = 	 {Proceedings of Workshop on Causality: Objectives and Assessment at NIPS 2008},
   pages = 	 {277--288},
   year = 	 {2010},
   editor = 	 {Isabelle Guyon and Dominik Janzing and Bernhard SchÃ¶lkopf},
   volume = 	 {6},
   series = 	 {Proceedings of Machine Learning Research},
   address = 	 {Whistler, Canada},
   publisher = 	 {PMLR},
   pdf = 	 {http://proceedings.mlr.press/v6/mccann10a/mccann10a.pdf},
   url = 	 {http://proceedings.mlr.press/v6/mccann10a.html},
}

@article{kerdprasop2011data,
    title={A data mining approach to automate fault detection model development in the semiconductor manufacturing process},
    author={Kerdprasop, Kittisak and Kerdprasop, Nittaya},
    journal={International Journal of Mechanics},
    volume={5},
    number={4},
    pages={336--344},
    year={2011}
}

@online{firFilterFig,
    author    = {Wikimedia Commons},
    title     = {FIR Filter},
    url       = {https://commons.wikimedia.org/wiki/File:Fir_filter_df1.png},
    keywords  = {fir, filter}
}


@techreport{pracGuideSVM,
    author      = {Chih-Wei Hsu, Chih-Chung Chang, and Chih-Jen Lin},
    title       = {A Practical Guide to Support Vector Classification},
    institution = {National Taiwan University, Taipei 106, Taiwan},
    year        =  {2010},
    url         =  {http://www.csie.ntu.edu.tw/~cjlin}
}


@techreport{guideSVR,
    author      = {Alex J. Smola, Bernard SchÃ¶lkopf},
    title       = {A Tutorial on Support Vector Regression},
    institution = {NeuroCOLT Technical Report Series},
    year        =  {1998},
    url         =  {http://www.svms.org/regression/SmSc98.pdf}
}



@online{openCV-SVMfig,
    author    = {OpenCV},
    title     = {Introduction to Support Vector Machines},
    url       = {http://docs.opencv.org/2.4/doc/tutorials/ml/introduction_to_svm/introduction_to_svm.html},
    keywords  = {opencv, svm}
}

@online{introSVR,
    author    = {Dr. Saed Sayad},
    title     = {Support Vector Machine},
    url       = {http://www.saedsayad.com/support_vector_machine_reg.htm},
    keywords  = {svr, regression}
}

@book{scholkopf2002learning,
  	title={Learning with Kernels: Support Vector Machines, Regularization, Optimization, and Beyond},
  	author={Sch{\"o}lkopf, B. and Smola, A.J.},
  	isbn={9780262194754},
  	lccn={2001095750},
  	series={Adaptive computation and machine learning},
  	url={https://books.google.no/books?id=y8ORL3DWt4sC},
  	year={2002},
  	publisher={MIT Press}
}

@online{scikitGeneralisedLinMod,
    author    = {scikit learn},
    title     = {Generalized Linear Models},
    url       = {http://scikit-learn.org/stable/modules/linear_model.html},
    keywords  = {regression, classification, linear models}
}  

@online{scikitNaiveBayes,
    author    = {scikit learn},
    title     = {Naive Bayes},
    url       = {http://scikit-learn.org/stable/modules/naive_bayes.html},
    keywords  = {classification, naive bayes}
}

% SCI-KIT LEARN OFFICIAL CITE FROM WEBPAGE!!
@article{scikit-learn,
    title={Scikit-learn: Machine Learning in {P}ython},
    author={Pedregosa, F. and Varoquaux, G. and Gramfort, A. and Michel, V.
         and Thirion, B. and Grisel, O. and Blondel, M. and Prettenhofer, P.
         and Weiss, R. and Dubourg, V. and Vanderplas, J. and Passos, A. and
         Cournapeau, D. and Brucher, M. and Perrot, M. and Duchesnay, E.},
    journal={Journal of Machine Learning Research},
    volume={12},
    pages={2825--2830},
    year={2011}
}

@article{cloudComputing,
    title={The NIST Definition of Cloud Computing},
    author={Peter Mell, Timothy Grance},
    institution={US National Institute of Standards and Technology},
    year={2011}
}



